<?xml version="1.0" encoding="UTF-8" standalone="no"?>
  <marcx:record xmlns:marcx="info:lc/xmlns/marcxchange-v1">
    <marcx:leader>00000c    2200000   4500</marcx:leader>
    <marcx:datafield tag="001" ind1="0" ind2="0">
      <marcx:subfield code="a">D969866622</marcx:subfield>
      <marcx:subfield code="f">a</marcx:subfield>
      <marcx:subfield code="o">d</marcx:subfield>
    </marcx:datafield>
    <marcx:datafield tag="004" ind1="0" ind2="0">
      <marcx:subfield code="r">c</marcx:subfield>
      <marcx:subfield code="a">e</marcx:subfield>
    </marcx:datafield>
    <marcx:datafield tag="008" ind1="0" ind2="0">
      <marcx:subfield code="t">m</marcx:subfield>
      <marcx:subfield code="u">r</marcx:subfield>
      <marcx:subfield code="a">1948</marcx:subfield>
      <marcx:subfield code="z">1957</marcx:subfield>
      <marcx:subfield code="b">gb</marcx:subfield>
      <marcx:subfield code="v">1</marcx:subfield>
      <marcx:subfield code="l">eng</marcx:subfield>
      <marcx:subfield code="&amp;">2</marcx:subfield>
    </marcx:datafield>
    <marcx:datafield tag="009" ind1="0" ind2="0">
      <marcx:subfield code="a">a</marcx:subfield>
      <marcx:subfield code="g">xx</marcx:subfield>
    </marcx:datafield>
    <marcx:datafield tag="041" ind1="0" ind2="0">
      <marcx:subfield code="a">eng</marcx:subfield>
      <marcx:subfield code="c">fre</marcx:subfield>
    </marcx:datafield>
    <marcx:datafield tag="088" ind1="0" ind2="0">
      <marcx:subfield code="a">840SART1</marcx:subfield>
    </marcx:datafield>
    <marcx:datafield tag="096" ind1="0" ind2="0">
      <marcx:subfield code="a">1</marcx:subfield>
      <marcx:subfield code="b">se: 9780413776396</marcx:subfield>
      <marcx:subfield code="c">b</marcx:subfield>
      <marcx:subfield code="z">820040</marcx:subfield>
    </marcx:datafield>
    <marcx:datafield tag="100" ind1="0" ind2="0">
      <marcx:subfield code="a">Sartre</marcx:subfield>
      <marcx:subfield code="h">Jean-Paul</marcx:subfield>
      <marcx:subfield code="c">1905-1980</marcx:subfield>
    </marcx:datafield>
    <marcx:datafield tag="241" ind1="0" ind2="0">
      <marcx:subfield code="a">Existentialisme est un humanisme</marcx:subfield>
    </marcx:datafield>
    <marcx:datafield tag="245" ind1="0" ind2="0">
      <marcx:subfield code="a">Existentialism and humanism</marcx:subfield>
      <marcx:subfield code="e">Jean-Paul Sartre</marcx:subfield>
      <marcx:subfield code="e">translation and introduction by Philip Mairet</marcx:subfield>
    </marcx:datafield>
    <marcx:datafield tag="260" ind1="0" ind2="0">
      <marcx:subfield code="a">London</marcx:subfield>
      <marcx:subfield code="b">Methuen</marcx:subfield>
      <marcx:subfield code="c">1957</marcx:subfield>
    </marcx:datafield>
    <marcx:datafield tag="300" ind1="0" ind2="0">
      <marcx:subfield code="a">70 s.</marcx:subfield>
    </marcx:datafield>
    <marcx:datafield tag="590" ind1="0" ind2="0">
      <marcx:subfield code="a">20070501</marcx:subfield>
    </marcx:datafield>
    <marcx:datafield tag="590" ind1="0" ind2="0">
      <marcx:subfield code="a">kat061221</marcx:subfield>
      <marcx:subfield code="a">gave</marcx:subfield>
    </marcx:datafield>
    <marcx:datafield tag="590" ind1="0" ind2="0">
      <marcx:subfield code="a">sle090713 bortk.</marcx:subfield>
    </marcx:datafield>
    <marcx:datafield tag="590" ind1="0" ind2="0">
      <marcx:subfield code="a">genoplivet151013</marcx:subfield>
    </marcx:datafield>
  </marcx:record>
</marcx:collection>
